XN Date,Cheque No,Narration,Debits,Credits,Balance,Sub Category
24-06-2019,,ecsrtnchg210619_sr618430837,413,,57857.6,ECS BOUNCED CHARGES
24-07-2019,,ecsrtnchg230719_sr624543317,413,,8454.2,ECS BOUNCED CHARGES
26-07-2019,,ecsrtnchg250719_sr624993505,413,,3495.44,ECS BOUNCED CHARGES
01-03-2019,,ecsrtnchgs280219_sr597683432,413,,8687.86,ECS BOUNCED CHARGES
10-11-2021,,ecsrtnchgs071121_sr787159543gst,0.01,,0,ECS BOUNCED CHARGES
09-11-2021,,ecsrtnchgs071121_sr787159543,3.99,,0.01,ECS BOUNCED CHARGES
20-09-2021,,ecsrtnchgs150921_sr776206431gst,0.01,,0,ECS BOUNCED CHARGES
20-09-2021,,ecsrtnchgs070921_sr774643294gst,411.99,,0.01,ECS BOUNCED CHARGES
11-08-2022,,ecsrtnchgs060822_sr846784740,590,,47745.93,ECS BOUNCED CHARGES
22-08-2022,,ecsrtnchgs120822_sr848192382,590,,364,ECS BOUNCED CHARGES
03-06-2022,,ecsrtnchgs280522_sr832052262gst,303.01,,0,ECS BOUNCED CHARGES
23-08-2022,,ecsrtnchgs180822_sr848691043,4.13,,0.01,ECS BOUNCED CHARGES
24-08-2022,,ecsrtnchgs180822_sr848691043gst,0.01,,0,ECS BOUNCED CHARGES
23-08-2022,,ecsrtnchgs160822_sr848305334  0,33.06,,0,ECS BOUNCED CHARGES
24-08-2022,BANK CHARGES,ecsrtnchgs160822_sr848305334gst  0,518,,0,ECS BOUNCED CHARGES
29-04-2022,BANK CHARGES,ecsrtnchgs050422_sr821627376gst  0,590,,145611,ECS BOUNCED CHARGES
29-04-2022,BANK CHARGES,ecsrtnchgs220422_sr825256019gst  0,590,,143841,ECS BOUNCED CHARGES
29-04-2022,BANK CHARGES,ecsrtnchgs090422_sr822769500gst,590,,142661.39,ECS BOUNCED CHARGES
29-04-2022,BANK CHARGES,ecsrtnchgs100322_sr815181224gst,590,,142071.39,ECS BOUNCED CHARGES
29-04-2022,BANK CHARGES,ecsrtnchgs050322_sr813829726gst,589.6,,141481.79,ECS BOUNCED CHARGES
11-08-2022,,ecsrtnchgs060822_sr846784740  0,590,,8666,ECS BOUNCED CHARGES
08-06-2022,,ecsrtnchgs622_sr833923032  0,127,,0,ECS BOUNCED CHARGES
09-06-2022,BANK CHARGES,ecsrtnchgs070622_sr833923032gst,463,,4357.79,ECS BOUNCED CHARGES
10-08-2022,,ecsrtnchgs822_sr846804333  0,1.98,,0,ECS BOUNCED CHARGES
12-08-2022,BANK CHARGES,ecsrtnchgs070822_sr846804333gst,588.02,,5457.18,ECS BOUNCED CHARGES
10-08-2022,,ecsrtnchgs070822_sr846804333,49.33,,0.01,ECS BOUNCED CHARGES
23-08-2022,,ecsrtnchgs170822_sr848699095,590,,2680.42,ECS BOUNCED CHARGES
07-03-2022,,ecsrtnchgs050322_sr813828602,413,,13086.95,ECS BOUNCED CHARGES
08-03-2022,,ecsrtnchgs070322_sr814034302,413,,20600.95,ECS BOUNCED CHARGES
10-03-2022,,ecsrtnchgs090322_sr814821097,413,,69.95,ECS BOUNCED CHARGES
25-04-2022,,ecsrtnchgs230422_sr825499080,85.25,,0.01,ECS BOUNCED CHARGES
26-04-2022,,ecsrtnchgs230422_sr825499080gst,0.01,,0,ECS BOUNCED CHARGES
26-05-2022,,ecsrtnchgs250522_sr831457375,413,,14860.54,ECS BOUNCED CHARGES
28-06-2022,,ecsrtnchgs240622_sr837656730,0.01,,0,ECS BOUNCED CHARGES
07-07-2022,,ecsrtnchgs240622_sr837656730gst,412.99,,1082.49,ECS BOUNCED CHARGES
29-08-2022,,ecsrtnchgs240822_sr849990174,590,,4472.54,ECS BOUNCED CHARGES
30-08-2022,,ecsrtnchgs290822_sr850613956,590,,795.54,ECS BOUNCED CHARGES
06-06-2022,BANK CHARGES,ecsrtnchgs090522_sr828373615gst,536.39,,11085.07,ECS BOUNCED CHARGES
07-06-2022,,ecsrtnchgs050622_sr833517046,8.06,,0.01,ECS BOUNCED CHARGES
21-06-2022,BANK CHARGES,ecsrtnchgs050622_sr833517046gst,581.91,,19558.09,ECS BOUNCED CHARGES
07-07-2022,,ecsrtnchgs050722_sr839588154,0.44,,0.01,ECS BOUNCED CHARGES
07-07-2022,,ecsrtnchg01_722_sr839588154  0,0.01,,0,ECS BOUNCED CHARGES
12-07-2022,BANK CHARGES,ecsrtnchg01_050722_sr839588154gst,6.99,,0.01,ECS BOUNCED CHARGES
12-07-2022,BANK CHARGES,ecsrtnchgs722_sr839588154gst  0,0.01,,0,ECS BOUNCED CHARGES
28-07-2022,BANK CHARGES,ecsrtnchgs110722_sr841050914gst  0,590,,89,ECS BOUNCED CHARGES
28-07-2022,BANK CHARGES,ecsrtnchgs722_sr840539939gst  0,89,,0,ECS BOUNCED CHARGES
01-08-2022,BANK CHARGES,ecsrtnchg01_722_sr839588154gst  0,109.5,,0,ECS BOUNCED CHARGES
01-08-2022,BANK CHARGES,ecsrtnchgs050722_sr839588154gst,575.55,,4831.39,ECS BOUNCED CHARGES
01-08-2022,BANK CHARGES,ecsrtnchgs090722_sr840539939gst,501,,4330.39,ECS BOUNCED CHARGES
08-09-2022,,ecsrtnchg02_922_sr851975665  0,146.6,,0,ECS BOUNCED CHARGES
22-08-2022,,ecsrtnchgs150822_sr848150287  0,590,,8698,ECS BOUNCED CHARGES
31-08-2022,BANK CHARGES,ecsrtnchgs260822_sr850391839gst  0,0.78,,0,ECS BOUNCED CHARGES
05-09-2022,BANK CHARGES,ecsrtnchgs260822_sr850391839gst,1.99,,0.01,ECS BOUNCED CHARGES
06-09-2022,BANK CHARGES,ecsrtnchgs300822_sr851055047gst  0,0.01,,0,ECS BOUNCED CHARGES
04-07-2022,,ecsrtnchgs010722_sr838766669,590,,52380.69,ECS BOUNCED CHARGES
07-09-2022,,ecsrtnchgs030922_sr851815211,8.34,,27509.04,ECS BOUNCED CHARGES
08-09-2022,,ecsrtnchgs030922_sr851815211gst,0.01,,27509.03,ECS BOUNCED CHARGES
09-09-2022,,ecsrtnchgs922_sr851975665  0,318.21,,0,ECS BOUNCED CHARGES
10-09-2022,BANK CHARGES,ecsrtnchgs050922_sr851975665gst,271.79,,1526.21,ECS BOUNCED CHARGES
12-07-2022,TRANSFER FROM 3199304142738,by transferneftrrsbin422193236419(12-07-22)returned,,1,200367.54,NEFT BOUNCE
15-06-2022,,ecsrtnchgs140622_sr835263374,194.78,,0.01,ECS BOUNCED CHARGES
20-06-2022,BANK CHARGES,ecsrtnchgs140622_sr835263374gst  0,395.2,,1731.8,ECS BOUNCED CHARGES
09-09-2022,,ecsrtnchgs050922_sr851975665,590,,653.86,ECS BOUNCED CHARGES
14-07-2022, TBMS-993742969 , remchrgs:ecsreturnon02-jun-2022bajajfinance,454.9,,1657.31,ECS BOUNCED CHARGES
20-09-2022,,ecsrtnchgs080922_sr852744765,590,,670.39,ECS BOUNCED CHARGES
07-09-2022,,ecsrtnchgs040922_sr851841384,590,,5620.55,ECS BOUNCED CHARGES
21-07-2022,,ecsrtnchgs200722_sr842796767  0,590,,1841,ECS BOUNCED CHARGES
24-08-2022,,ecsrtnchgs200822_sr849174807,1.38,,0.01,ECS BOUNCED CHARGES
25-08-2022,BANK CHARGES,ecsrtnchgs200822_sr849174807gst  0,0.91,,0,ECS BOUNCED CHARGES
05-09-2022,BANK CHARGES,ecsrtnchgs250822_sr849990174gst,6.99,,0.01,ECS BOUNCED CHARGES
05-09-2022,BANK CHARGES,ecsrtnchg01_250822_sr849990174gst  0,0.01,,0,ECS BOUNCED CHARGES
10-09-2022,BANK CHARGES,ecsrtnchg01_250822_sr849990174gst,1.99,,0.01,ECS BOUNCED CHARGES
10-09-2022,BANK CHARGES,ecsrtnchgs250822_sr849990174gst  0,0.01,,0,ECS BOUNCED CHARGES
22-09-2022,,ecsrtnchgs110922_sr854861255  0,95.93,,0,ECS BOUNCED CHARGES
05-07-2022,,ecsrtnchgs020722_sr839081705,590,,28682.93,ECS BOUNCED CHARGES
07-05-2022,,ecsrtnchgs060522_sr828015652,590,,1469.65,ECS BOUNCED CHARGES
08-06-2022,BANK CHARGES,ecsrtnchgs622_sr833517046gst  0,0.02,,0,ECS BOUNCED CHARGES
14-06-2022,,ecsrtnchgs100622_sr834870800,1.8,,0.02,ECS BOUNCED CHARGES
15-06-2022,BANK CHARGES,ecsrtnchgs100622_sr834870gst  0,0.02,,0,ECS BOUNCED CHARGES
05-07-2022,,ecsrtnchgs020722_sr839081705  0,590,,3272,ECS BOUNCED CHARGES
05-08-2022,,ecsrtnchgs020822_sr846065101,0.99,,0.01,ECS BOUNCED CHARGES
10-08-2022,,ecsrtnchg01_822_sr846643015  0,0.01,,0,ECS BOUNCED CHARGES
10-08-2022,,ecsrtnchgs050822_sr846643015  0,590,,1710,ECS BOUNCED CHARGES
26-08-2022,BANK CHARGES,ecsrtnchgs822_sr846065101gst  0,0.5,,0,ECS BOUNCED CHARGES
20-09-2022,BANK CHARGES,ecsrtnchgs050722_sr839588154gst  0,590,,14985,ECS BOUNCED CHARGES
20-09-2022,BANK CHARGES,ecsrtnchgs020822_sr846065101gst,588.51,,14396.49,ECS BOUNCED CHARGES
20-09-2022,BANK CHARGES,ecsrtnchgs100622_sr834870800gst,588.16,,13808.33,ECS BOUNCED CHARGES
20-09-2022,BANK CHARGES,ecsrtnchgs100822_sr847399866gst,590,,13218.33,ECS BOUNCED CHARGES
20-09-2022,BANK CHARGES,ecsrtnchg01_100822_sr847399866gst,590,,12628.33,ECS BOUNCED CHARGES
20-09-2022,BANK CHARGES,ecsrtnchg01_050822_sr846643015gst,589.99,,12038.34,ECS BOUNCED CHARGES
11-08-2022,,ecsrtnchgs050822_sr846643015,5,,0,ECS BOUNCED CHARGES
07-09-2022,,ecsrtnchg01_300822_sr851055047gst,590,,3303,ECS BOUNCED CHARGES
08-09-2022,,ecsrtnchg01_050922_sr851975665,16.99,,0.01,ECS BOUNCED CHARGES
20-09-2022,,ecsrtnchgs200822_sr849174807gst,8,,0,ECS BOUNCED CHARGES
28-09-2022,TBMS- , chrg: ecs return on 16-sep-2022 navi finserv priva(value date: 26-09- 10301552342022) ,590,,208.24,ECS BOUNCED CHARGES
22-09-2022,,ecsrtnchgs090922_sr854841888,1.77,,0.01,ECS BOUNCED CHARGES
23-09-2022,BANK CHARGES,ecsrtnchgs922_sr854841888gst  0,0.01,,0,ECS BOUNCED CHARGES
06-10-2022,BANK CHARGES,ecsrtnchg01_210922_sr856015266gst,0.42,,0.01,ECS BOUNCED CHARGES
06-10-2022,BANK CHARGES,ecsrtnchgs210922_sr856015266gst  0,0.01,,0,ECS BOUNCED CHARGES
10-09-2022,BANK CHARGES,ecsrtnchgs922_sr851975665gst  0,133.81,,0,ECS BOUNCED CHARGES
15-07-2022,,ecsrtnchgs130722_sr841251303,413,,1147.97,ECS BOUNCED CHARGES
19-07-2022,,ecsrtnchg01_160722_sr841835042,0.68,,0,ECS BOUNCED CHARGES
20-07-2022,,ecsrtnchgs170722_sr842108742,413,,3682,ECS BOUNCED CHARGES
20-07-2022,,ecsrtnchg01_160722_sr841835042gst,412.32,,3269.68,ECS BOUNCED CHARGES
06-09-2022,,ecsrtnchgs030922_sr851814743,413,,264.57,ECS BOUNCED CHARGES
19-08-2022,,ecsrtnchgs110822_sr847594068  0,272.19,,0,ECS BOUNCED CHARGES
22-08-2022,BANK CHARGES,ecsrtnchgs110822_sr847594068gst  0,244,,0,ECS BOUNCED CHARGES
23-08-2022,BANK CHARGES,ecsrtnchgs110822_sr847594068gst,49.99,,0.01,ECS BOUNCED CHARGES
07-10-2022,,ecsrtnchgs011022_sr857438630,61.98,,0.02,ECS BOUNCED CHARGES
08-10-2022,BANK CHARGES,ecsrtnchgs011022_sr857438630gst  0,8.02,,0,ECS BOUNCED CHARGES
10-10-2022,,ecsrtnchgs031022_sr858016936  0,28.46,,0,ECS BOUNCED CHARGES
29-05-2020,, 19 19 neft-21254962531dc-bagster ret    ,,250000,446326.03,NEFT BOUNCE
10-10-2022,,ecsrtnchgs051022_sr857956623,590,,570.69,ECS BOUNCED CHARGES
05-09-2022,,ecsrtnchgs922_sr851420723  0,7.76,,0,ECS BOUNCED CHARGES
06-09-2022,BANK CHARGES,ecsrtnchgs010922_sr851420723gst,582.24,,431.88,ECS BOUNCED CHARGES
03-04-2021,,neftreturn000334095973accountdoes not exis sahil gabakkbknr2104033345,,2000,15106.86,NEFT BOUNCE
17-08-2022,,ecsrtnchgs100822_sr847399866,6.99,,0.01,ECS BOUNCED CHARGES
18-08-2022,BANK CHARGES,ecsrtnchgs100822_sr847399866gst  0,159.01,,0,ECS BOUNCED CHARGES
12-09-2022,BANK CHARGES,ecsrtnchgs170822_sr848699095gst,590,,1249.89,ECS BOUNCED CHARGES
28-09-2022,BANK CHARGES,ecsrtnchgs110922_sr854861255gst  0,14,,0,ECS BOUNCED CHARGES
04-10-2022,BANK CHARGES,ecsrtnchgs100922_sr853128651gst  0,14,,0,ECS BOUNCED CHARGES
13-10-2022,BANK CHARGES,ecsrtnchg03_041022_sr858015011gst  0,5.18,,0,ECS BOUNCED CHARGES
20-09-2022,,ecsrtnchgs100922_sr853128651,590,,3112.81,ECS BOUNCED CHARGES
07-10-2022,,ecsrtnchgs021022_sr857445240,63.92,,0.01,ECS BOUNCED CHARGES
08-10-2022,BANK CHARGES,ecsrtnchgs021022_sr857445240gst,36.61,,0.01,ECS BOUNCED CHARGES
14-10-2022,BANK CHARGES,ecsrtnchgs021022_sr857445240gst  0,255.29,,0,ECS BOUNCED CHARGES
07-06-2022,,ecsrtnchgs622_sr833517046  0,6.17,,0,ECS BOUNCED CHARGES
05-08-2022,,ecsrtnchgs030822_sr846102913,87.8,,0.01,ECS BOUNCED CHARGES
26-08-2022,BANK CHARGES,ecsrtnchgs822_sr846102913gst  0,24.01,,0,ECS BOUNCED CHARGES
12-09-2022,BANK CHARGES,ecsrtnchgs030822_sr846102913gst,478.17,,455.53,ECS BOUNCED CHARGES
20-09-2022,,ecsrtnchgs922_sr852744765  0,20.21,,0,ECS BOUNCED CHARGES
23-09-2022,BANK CHARGES,ecsrtnchgs080922_sr852744765gst,569.79,,4710.21,ECS BOUNCED CHARGES
20-09-2022,,ecsrtnchgs070922_sr852558708,590,,1795.08,ECS BOUNCED CHARGES
05-05-2022,,ecsrtnchgs020522_sr827270153,590,,7066.96,ECS BOUNCED CHARGES
17-05-2022,,ecsrtnchgs130522_sr829294525  0,3.44,,0,ECS BOUNCED CHARGES
18-05-2022,BANK CHARGES,ecsrtnchgs130522_sr829294525gst  0,227,,0,ECS BOUNCED CHARGES
20-05-2022,BANK CHARGES,ecsrtnchgs130522_sr829294525gst,233.56,,140.55,ECS BOUNCED CHARGES
06-07-2022,,ecsrtnchgs040722_sr839312298,590,,5286.09,ECS BOUNCED CHARGES
05-05-2022,,ecsrtnchgs030522_sr827253126,590,,2155.05,ECS BOUNCED CHARGES
11-08-2022,,ecsrtnchgs822_sr846643015  0,8.8,,0,ECS BOUNCED CHARGES
12-08-2022,BANK CHARGES,ecsrtnchgs050822_sr846643015gst  0,581.2,,6148.8,ECS BOUNCED CHARGES
14-10-2022,,ecsrtnchgs101022_sr859164478,590,,2166.55,ECS BOUNCED CHARGES
17-08-2022,,ecsrtnchgs080822_sr847285166,590,,9710.95,ECS BOUNCED CHARGES
24-08-2022,,ecsrtnchgs220822_sr849303387,590,,11694.94,ECS BOUNCED CHARGES
13-07-2022,,ecsrtnchgs070722_sr840539939,590,,4182.72,ECS BOUNCED CHARGES
25-08-2022,,ecsrtnchgs230822_sr849506182  0,0.81,,0,ECS BOUNCED CHARGES
29-08-2022,BANK CHARGES,ecsrtnchgs230822_sr849506182gst,589.19,,910.81,ECS BOUNCED CHARGES
22-09-2022,BANK CHARGES,ecsrtnchgs070922_sr852558708gst,15.12,,0.01,ECS BOUNCED CHARGES
23-09-2022,BANK CHARGES,ecsrtnchgs922_sr852558708gst  0,0.01,,0,ECS BOUNCED CHARGES
12-10-2022,,ecsrtnchgs071022_sr858704752,1.99,,0.01,ECS BOUNCED CHARGES
07-07-2022,,ecsrtnchgs722_sr839588154  0,110.81,,0,ECS BOUNCED CHARGES
13-07-2022,,ecsrtnchgs080722_sr840539939,0.81,,0.01,ECS BOUNCED CHARGES
18-07-2022,,ecsrtnchgs150722_sr841746969,151.22,,0.01,ECS BOUNCED CHARGES
19-07-2022,BANK CHARGES,ecsrtnchgs080722_sr840539939gst,589.16,,12948.99,ECS BOUNCED CHARGES
19-07-2022,BANK CHARGES,ecsrtnchgs150722_sr841746969gst,438.77,,12220.39,ECS BOUNCED CHARGES
06-09-2022,BANK CHARGES,ecsrtnchgs160822_sr848305334gst,590,,6116.03,ECS BOUNCED CHARGES
29-09-2022,,ecsrtnchgs190922_sr855943683,590,,3035.01,ECS BOUNCED CHARGES
10-10-2022,,ecsrtnchgs061022_sr858125703  0,20.72,,0,ECS BOUNCED CHARGES
11-10-2022,BANK CHARGES,ecsrtnchgs061022_sr858125703gst  0,139,,0,ECS BOUNCED CHARGES
12-10-2022,,ecsrtnchgs091022_sr858705516  0,256,,0,ECS BOUNCED CHARGES
12-10-2022,,ecsrtnchg01_081022_sr858613195  0,590,,3130,ECS BOUNCED CHARGES
15-10-2022,BANK CHARGES,ecsrtnchgs091022_sr858705516gst  0,334,,3688,ECS BOUNCED CHARGES
15-10-2022,BANK CHARGES,ecsrtnchgs061022_sr858125703gst,254.28,,3433.72,ECS BOUNCED CHARGES
15-10-2022,,ecsrtnchgs131022_sr859626753,590,,2818.82,ECS BOUNCED CHARGES
10-10-2022,,ecsrtnchgs031022_sr858016936,121.19,,0.01,ECS BOUNCED CHARGES
11-10-2022,BANK CHARGES,ecsrtnchgs031022_sr858016936gst  0,429.72,,0,ECS BOUNCED CHARGES
09-08-2022,BANK CHARGES,ecsrtnchgs722_sr839081705gst  0,37.5,,0,ECS BOUNCED CHARGES
06-09-2022,BANK CHARGES,ecsrtnchgs060722_sr840109181gst,41.99,,0.01,ECS BOUNCED CHARGES
06-09-2022,BANK CHARGES,ecsrtnchgs622_sr833923032gst  0,0.01,,0,ECS BOUNCED CHARGES
19-09-2022,BANK CHARGES,ecsrtnchg01_822_sr846643015gst  0,402,,0,ECS BOUNCED CHARGES
07-10-2022,,ecsrtnchgs021022_sr857445240  0,53,,0,ECS BOUNCED CHARGES
14-10-2022,,ecsrtnchgs122_sr859164478  0,5,,0,ECS BOUNCED CHARGES
09-09-2022,,neft-yesb22525937937-satyashodhak bank rt  ,,5000,5140.83,NEFT BOUNCE
28-06-2022,,ecsrtnchgs270622_sr837892632,0.99,,0.01,ECS BOUNCED CHARGES
23-09-2022,BANK CHARGES,ecsrtnchgs020822_sr846065101gst  0,587,,3047,ECS BOUNCED CHARGES
29-09-2022,,ecsrtnchgs260922_sr856439184,0.99,,0.01,ECS BOUNCED CHARGES
28-09-2022,,ecsrtnchgs160922_sr855940073 365.60 (-),255.62,,54.99,ECS BOUNCED CHARGES
29-09-2022,BANK CHARGES,ecsrtnchgs160922_sr855940073gst  0,10.61,,0,ECS BOUNCED CHARGES
03-10-2022,BANK CHARGES,ecsrtnchgs160922_sr855940073gst,213.79,,792.21,ECS BOUNCED CHARGES
17-10-2022,,ecsrtnchgs141022_sr859683231,0.6,,0.01,ECS BOUNCED CHARGES
18-10-2022,BANK CHARGES,ecsrtnchgs141022_sr859683231gst  0,0.01,,0,ECS BOUNCED CHARGES
10-10-2022,BANK CHARGES,ecsrtnchgs090922_sr854841888gst,405.97,,0.01,ECS BOUNCED CHARGES
02-08-2022,,ecsrtnchgs290722_sr845001511,590,,40155.36,ECS BOUNCED CHARGES
03-09-2022,,ecsrtnchgs300822_sr851055047,590,,3359.16,ECS BOUNCED CHARGES
10-08-2022,,ecsrtnchgs070822_sr846804333  0,590,,496,ECS BOUNCED CHARGES
10-10-2022,,ecsrtnchgs061022_sr858125703,590,,4234.47,ECS BOUNCED CHARGES
06-10-2022,,ecsrtnchg01_011022_sr857438630,36.27,,0.01,ECS BOUNCED CHARGES
07-10-2022,,ecsrtnchgs021022_sr85744524.01 0,0.01,,0,ECS BOUNCED CHARGES
02-06-2021,,to ecs rtn ecs return charge + gst - inward return for accoun,118,,8783.24,ECS BOUNCED CHARGES
16-08-2019,,ecsrtnchg01_140819_sr628776005,413,,8268.63,ECS BOUNCED CHARGES
16-08-2019,,ecsrtnchg140819_sr628776005,413,,7855.63,ECS BOUNCED CHARGES
21-08-2019,,ecsrtnchg01_200819_sr629780371,413,,630.21,ECS BOUNCED CHARGES
21-08-2019,,ecsrtnchg200819_sr629780371,413,,99.21,ECS BOUNCED CHARGES
22-08-2019,,ecsrtnchg01_210819_sr630014988,413,,3884.88,ECS BOUNCED CHARGES
22-08-2019,,ecsrtnchg210819_sr630014988,413,,251780.88,ECS BOUNCED CHARGES
06-05-2022,,ecsrtnchgs050522_sr827632428,413,,24910.18,ECS BOUNCED CHARGES
11-05-2022,,ecsrtnchgs100522_sr828696910,413,,187500.18,ECS BOUNCED CHARGES
19-05-2022,,ecsrtnchgs170522_sr829804010,413,,146800.18,ECS BOUNCED CHARGES
04-04-2022,,ecsrtnchgs020422_sr820938089,1.73,,0,ECS BOUNCED CHARGES
05-04-2022,,ecsrtnchgs020422_sr820938089gst,411.27,,70457.73,ECS BOUNCED CHARGES
04-05-2022,,ecsrtnchgs020522_sr827269176,413,,39736.27,ECS BOUNCED CHARGES
16-11-2022,,ecsrtnchgs051122_sr864387817,413,,7932.6,ECS BOUNCED CHARGES
14-02-2023,,ecsrtnchgs050223_sr883312534,590,,2133.28,ECS BOUNCED CHARGES
07-09-2022,/,ecs/achreturnchg--,288.67,,6861.33,ECS BOUNCED CHARGES
26-11-2022,,neft-sbinz22330008732-mamata biswal-//returnfor//30197116531dc-7077331630-sbin,,1400,-44905648.76,NEFT BOUNCE
02-11-2022,,neft-sbinz22306050862-kb product-//returnfor//29914301201dc-36139813504-sbin0060436,,43724,10178699.82,NEFT BOUNCE
08-12-2022,,ecsrtnchgs031222_sr869854505,590,,2670515.9,ECS BOUNCED CHARGES
27-11-2019,,ecsreturnchgoct19,177,,507.16,ECS BOUNCED CHARGES
03-01-2019,,ecs return charges:sbpub/26867,177,,20398.31,ECS BOUNCED CHARGES
21-03-2022,,neft return000370068940not avalid cpin for gstrbi0802268750224,,500,10462.12,NEFT BOUNCE
08-09-2021,,ecsrtnchgs050921_sr774339695,413,,102686.51,ECS BOUNCED CHARGES
06-11-2018,,neft-sbinz18310000443-poojarubberindustriespooja-//returnfor//20802820341dc-65252257853-sbin0031465,,46889,198876.9,NEFT BOUNCE
06-03-2022,TBMS-916436282,rem chrgs:ecs return on 10-feb-2022desai anandkum,590,,5.9,ECS BOUNCED CHARGES
07-09-2022,N250222109032776,neft return-account closed-suntel cerami c-indbn07099314267,,125721,152692,NEFT BOUNCE
03-12-2022,N337222231742948,neft return-account closed-suntel cerami c-indbn03123509247,,190181,268331,NEFT BOUNCE
14-02-2023,N045232332147956,"neft dr-cnrb0000769-lokesh s-netbank, mu m-n045232332147956-hand loan return",400000,,2274780,NEFT BOUNCE
02-04-2023,N092232397943347,"neft dr-icic0000360-damodhar s-netbank, mum-n092232397943347-return",400000,,1093130,NEFT BOUNCE
12-05-2023,,neft return-account closed-suntel cerami n132232458287788 c-indbn12059391697,,155748,614520,NEFT BOUNCE
01-07-2022,0,neft cr-bkide22181039929-kusumlata  dilip rathore-bkid0namrgb-return utr,,50000,112049,NEFT BOUNCE
20-09-2022,,inb/neft/axic222637095446//jameelu jewelloan ret,100000,,61878.8,NEFT BOUNCE
16-04-2023,,neft/return/axic231062867103/r11/choice finserv p,,128762,287944,NEFT BOUNCE
25-02-2023,,neft return-any other reason-equitas small finance bank ltd-p056230223390314,,15720,-2607850,NEFT BOUNCE
11-05-2023,,ib neft dr p131230240746757sampanna corporate servicesbarb0shrira 04580200001233 return,200000,,-3010310,NEFT BOUNCE
01-09-2022,TPTBMS-1017419904, chrg: ecs return on 04-aug-2022  ach uip ,590,,47190.7,ECS BOUNCED CHARGES
02-09-2022,TPTBMS-1017564087, chrg: ecs return on 11-aug-2022  ach uip (value date: 01-sep-22 ) ,1180,,6854.7,ECS BOUNCED CHARGES
09-09-2022,TPTBMS-1018586251, chrg: ecs return on 16-aug-2022  ach uip (value date: 08-sep-22 ) ,1180,,319653,ECS BOUNCED CHARGES
23-10-2022,TPTBMS-1050134424, chrg: ecs return on 08-oct-2022  ach uip (value date: 22-oct-22 ) ,1770,,315912,ECS BOUNCED CHARGES
23-10-2022,TPTBMS-1049913334, chrg: ecs return on 07-oct-2022  ach uip (value date: 22-oct-22 ) ,590,,315322,ECS BOUNCED CHARGES
23-10-2022,TPTBMS-1049019756, chrg: ecs return on 03-oct-2022  ach uip (value date: 22-oct-22 ) ,590,,314732,ECS BOUNCED CHARGES
16-02-2023,TPTBMS-1124278579, chrg: ecs return on 23-jan-2023  ach uip (value date: 15-feb-23 ) ,590,,302097,ECS BOUNCED CHARGES
04-03-2023,TPTBMS-1130319583, chrg: ecs return on 07-feb-2023  ach uip (value date: 03-mar-23 ) ,590,,243540,ECS BOUNCED CHARGES
04-03-2023,TPTBMS-1130229274, chrg: ecs return on 06-feb-2023  ach uip (value date: 03-mar-23 ) ,590,,250880,ECS BOUNCED CHARGES
08-03-2023,TPTBMS-1133542975, chrg: ecs return on 27-feb-2023  ach uip (value date: 07-mar-23 ) ,590,,9945.69,ECS BOUNCED CHARGES
26-03-2023,TPTBMS-1141723641, chrg: ecs return on 09-mar-2023  ach uip (value date: 25-mar-23 ) ,590,,692851,ECS BOUNCED CHARGES
22-06-2023,TBMS-1199198045, chrg: ecs return on 15-may-2023  tp ach uip ,590,,70685.2,ECS BOUNCED CHARGES
06-12-2018,TRANSFERFROM3199304090447 /,bytransfer-neftrrsbin518340853834(06-12-18)returned-,,9676,39017.9,NEFT BOUNCE
09-02-2022,N040221826766605,neft return-account closed-patel industr ies-axrj220407184200,,200000,359495,NEFT BOUNCE
21-02-2019,NEFTINW-0142191652,neft rtn kkbkh19052642426account does not,,50000,529924,NEFT BOUNCE
23-12-2019,,neft/return/axmb193573089440/r05/ramcacharanjatpm,,8000,585162,NEFT BOUNCE
26-12-2019,,neft/return/axmb193603953246/r03/sunil kumarpmt f,,14000,542129,NEFT BOUNCE
06-02-2023,TBMS-1117195934, chrg: ecs return on 05-jan-2023  kotak life insuran (value date: 05-feb-23 ) ,590,,8162.92,ECS BOUNCED CHARGES
04-04-2019,NEFTINW- 0149052514, neft rtn kkbkh19094839150 account does not exist  ,,3604,20297.98,NEFT BOUNCE
03-04-2019,NEFTINW- 0148881788, neft rtn kkbkh19093709239 account does not exist  ,,1802,21958.82,NEFT BOUNCE
28-08-2021,TBMS- 789100967, chrg: ecs return on 20.may.2021 perfect capital se  ,590,,45360.55,ECS BOUNCED CHARGES
09-12-2021,TBMS- , chrg: ecs return on 20-nov-2021 tp emnd homecredit(value date: 08- 85672667112-2021) ,590,,625.4,ECS BOUNCED CHARGES
10-11-2021,TBMS- 842638523, chrg: ecs return on 20-oct-2021 tp emnd homecredit  ,590,,8257.96,ECS BOUNCED CHARGES
28-09-2021,,ecs bfl return chg rev,,590,35147.89,ECS BOUNCED CHARGES
28-09-2021,,ecs return chg dt 02/09/2021 rev,,590,34557.89,ECS BOUNCED CHARGES
28-09-2021,,ecs return chg dt 02/09/2021,590,,32787.89,ECS BOUNCED CHARGES
30-06-2021,,"neft in,neft/n181211548083991/ibullcapital/hdfc0000001/59277777746742/return",,5348,5348.27,NEFT BOUNCE
25-06-2021,,"neft in,neft/n176211543424572/ibullcapital/hdfc0000001/59277777746742/return",,4450,4452.27,NEFT BOUNCE
22-06-2021,,"neft in,neft/n173211540347364/ibullcapital/hdfc0000001/59277777746742/return",,3779,3780.27,NEFT BOUNCE
01-09-2022,TBMS-1016340082,chrg: ecs return on 01-aug-2022huey tech pvt ltd,590,,820.14,ECS BOUNCED CHARGES
21-06-2022,TBMS-980350498,chrg: ecs return on 02-jun-2022bajaj finance ltd,411.65,,0,ECS BOUNCED CHARGES
15-07-2022,TBMS-993235051,rem chrgs:ecs return on 02-jun-2022bajaj finance,178.35,,1.1,ECS BOUNCED CHARGES
09-08-2022,TBMS-1004129429,rem chrgs:ecs return on 03-jul-2022bajaj finance,590,,652.69,ECS BOUNCED CHARGES
09-08-2022,TBMS-1004129405,rem chrgs:ecs return on 02-jul-2022bajaj finance,590,,62.69,ECS BOUNCED CHARGES
02-09-2022,TBMS-1016070798,chrg: ecs return on 08-aug-2022 tpach aeontest,590,,7962.81,ECS BOUNCED CHARGES
02-09-2022,TBMS-1017043352,chrg: ecs return on 02-aug-2022bajaj finance ltd,590,,7372.81,ECS BOUNCED CHARGES
02-09-2022,TBMS-1016835888,chrg: ecs return on 02-aug-2022 tpach aeontest,590,,6782.81,ECS BOUNCED CHARGES
09-09-2022,TBMS-1018388907,chrg: ecs return on 17-aug-2022 tpach aeontest,248.81,,0,ECS BOUNCED CHARGES
08-08-2022,,chrg/ecs return/02-08-2022fdrl70217052200041864710,212,,571.42,ECS BOUNCED CHARGES
22-08-2022,,chrg/ecs return/16-08-2022fdrl70217052200036244768,149,,1.88,ECS BOUNCED CHARGES
24-08-2022,,chrg/ecs return/19-08-2022fdrl70221072200001394780,413,,9.88,ECS BOUNCED CHARGES
05-09-2022,,chrg/ecs return/31-08-2022fdrl70221072200001394832,81,,2.88,ECS BOUNCED CHARGES
12-09-2022,,chrg/ecs return/05-09-2022fdrl70221072200001394854,4,,1.13,ECS BOUNCED CHARGES
26-07-2022,TBMS- 997891118, chrg: ecs return on 08-jul-2022 tp ach moneymitrai  ,590,,124324.68,ECS BOUNCED CHARGES
08-09-2022,TBMS- 1018967698, chrg: ecs return on 23-aug-2022 hdbfs  ,590,,1203.28,ECS BOUNCED CHARGES
09-09-2022,TBMS- 1018954162, chrg: ecs return on 30-aug-2022 hdbfs(value date: 08-09-2022)  ,590,,613.28,ECS BOUNCED CHARGES
14-09-2022,TBMS- 1025329254, rem chrgs:ecs return on 02-aug-2022 hdbfs  ,590,,1289.28,ECS BOUNCED CHARGES
14-09-2022,TBMS- 1025329303, rem chrgs:ecs return on 10-aug-2022 hdbfs  ,590,,699.28,ECS BOUNCED CHARGES
14-09-2022,TBMS- 1025329270, rem chrgs:ecs return on 05-aug-2022 hdbfs  ,590,,109.28,ECS BOUNCED CHARGES
20-04-2022,TBMS- 941577068, chrg: ecs return on 04-apr-2022 hdbfs  ,500,,0,ECS BOUNCED CHARGES
28-04-2022,TBMS- 951025354, chrg: ecs return on 18-apr-2022 hdbfs(value date: 27-04-2022)  ,351,,0,ECS BOUNCED CHARGES
17-05-2022,TBMS- 960358989, chrg: ecs return on 02-may-2022 hdbfs  ,590,,2333,ECS BOUNCED CHARGES
18-05-2022,TBMS- 960345142, chrg: ecs return on 06-may-2022 hdbfs(value date: 17-05-2022)  ,590,,1743,ECS BOUNCED CHARGES
20-05-2022,TBMS- 962648804, rem chrgs:ecs return on 18-apr-2022 hdbfs  ,239,,1205,ECS BOUNCED CHARGES
20-05-2022,TBMS- 962649356, rem chrgs:ecs return on 04-apr-2022 hdbfs  ,90,,1115,ECS BOUNCED CHARGES
20-05-2022,TBMS- 962649398, rem chrgs:ecs return on 06-apr-2022 hdbfs  ,590,,525,ECS BOUNCED CHARGES
21-06-2022,TBMS- 979858920, chrg: ecs return on 02-jun-2022 hdbfs(value date: 20-06-2022)  ,3.27,,0,ECS BOUNCED CHARGES
23-06-2022,TBMS- 982003319, chrg: ecs return on 16-jun-2022 hdbfs  ,590,,510,ECS BOUNCED CHARGES
14-07-2022,TBMS- 992671472, rem chrgs:ecs return on 02-jun-2022 hdbfs  ,586.73,,2516.28,ECS BOUNCED CHARGES
14-07-2022,TBMS- 992671503, rem chrgs:ecs return on 06-jun-2022 hdbfs  ,590,,1926.28,ECS BOUNCED CHARGES
26-07-2022,TBMS- 997830586, chrg: ecs return on 02-jul-2022 hdbfs  ,5.28,,0,ECS BOUNCED CHARGES
01-08-2022,TBMS- 1000631506, chrg: ecs return on 22-jul-2022 hdbfs  ,50,,0,ECS BOUNCED CHARGES
09-08-2022,TBMS- 1005008584, rem chrgs:ecs return on 02-jul-2022 hdbfs(value date: 08-08-2022)  ,584.72,,1154.28,ECS BOUNCED CHARGES
09-08-2022,TBMS- 1005008532, rem chrgs:ecs return on 22-jul-2022 hdbfs(value date: 08-08-2022)  ,540,,614.28,ECS BOUNCED CHARGES
09-08-2022,TBMS- 1005008552, rem chrgs:ecs return on 06-jul-2022 hdbfs(value date: 08-08-2022)  ,590,,24.28,ECS BOUNCED CHARGES
06-06-2022,TBMS- , rem chrgs:ecs return on 18-may-2022tp ach moneymi(value date: 05-06- 9739158732022) ,590,,0.37,ECS BOUNCED CHARGES
02-09-2022,TBMS- , chrg: ecs return on 02-aug-2022 tp ach moneymitrai(value date: 01-09-10167743582022) ,549.1,,0,ECS BOUNCED CHARGES
14-09-2022,TBMS- 1026578926, rem chrgs:ecs return on 02-aug-2022 tp ach moneymi  ,40.9,,71.6,ECS BOUNCED CHARGES
01-09-2022,TBMS- 1016317816, chrg: ecs return on 05-aug-2022 tp ach idfcfirstba  ,590,,13911.42,ECS BOUNCED CHARGES
21-06-2022,,chrg: ecs return on 05-jun-2022 razorpay,2.11,,0,ECS BOUNCED CHARGES
14-07-2022,,rem chrgs:ecs return on 05-jun-2022razorpay,587.89,,17.61,ECS BOUNCED CHARGES
26-07-2022,,chrg: ecs return on 06-jul-2022 razorpay,590,,6012.79,ECS BOUNCED CHARGES
06-06-2022,,ecs ret chrgs -ioba7012603210000804 dt 06-06-2022,236,,998.93,ECS BOUNCED CHARGES
06-07-2022,,ecs ret chrgs -ioba7012603210000804 dt 06-07-2022,236,,3389.82,ECS BOUNCED CHARGES
11-07-2022,,ecs ret chrgs -ioba7012806210000802 dt 11-07-2022,236,,3458.94,ECS BOUNCED CHARGES
25-07-2022,,ecs ret chrgs -ioba7012009210000638 dt 25-07-2022,236,,1395.67,ECS BOUNCED CHARGES
07-08-2022,,ecs/nach return chargesfor 06-aug-22,236,,12666.68,ECS BOUNCED CHARGES
08-08-2022,,ecs/nach return chargesfor 07-aug-22,236,,12.11,ECS BOUNCED CHARGES
12-08-2022,,ecs ret chrg forioba7013107200000506 09-aug-22,236,,4493.55,ECS BOUNCED CHARGES
14-07-2022,TBMS-994092067,rem chrgs:ecs return on 02-jun-2022hdbfs,590,,2501.18,ECS BOUNCED CHARGES
15-07-2022,TBMS-994092033,rem chrgs:ecs return on 02-jun-2022tpcapfrst idfc,1180,,1321.18,ECS BOUNCED CHARGES
26-07-2022,TBMS-999654162,chrg: ecs return on 02-jul-2022hdbfs,141.49,,0,ECS BOUNCED CHARGES
09-08-2022,TBMS-1004062682,rem chrgs:ecs return on 03-jul-2022tpcapfrst idfc,1,,0,ECS BOUNCED CHARGES
19-08-2022,TBMS-1011355456,rem chrgs:ecs return on 02-jul-2022hdbfs,448.51,,1193.5,ECS BOUNCED CHARGES
20-08-2022,TBMS-1011355416,rem chrgs:ecs return on 02-jul-2022tpcapfrst idfc,1180,,13.5,ECS BOUNCED CHARGES
01-09-2022,TBMS-1017724804,chrg: ecs return on 02-aug-2022tpcapfrst idfc fir,1180,,18061.15,ECS BOUNCED CHARGES
02-09-2022,TBMS-1017436562,chrg: ecs return on 02-aug-2022hdbfs,590,,14675.15,ECS BOUNCED CHARGES
27-07-2022,TBMS- , chrg: ecs return on 05-jul-2022 hdfc bank limited(value date: 26-07-2022)999110156 ,53.58,,0,ECS BOUNCED CHARGES
01-08-2022,TBMS- 1000570119, chrg: ecs return on 20-jul-2022 hdfc bank limited  ,590,,548.4,ECS BOUNCED CHARGES
08-08-2022,TBMS- 1005090416, rem chrgs:ecs return on 05-jul-2022 hdfc bank limi  ,536.42,,783.98,ECS BOUNCED CHARGES
08-08-2022,TBMS- 1005090457, rem chrgs:ecs return on 12-jul-2022 hdfc bank limi  ,590,,193.98,ECS BOUNCED CHARGES
01-09-2022,TBMS- 1016468158, chrg: ecs return on 02-aug-2022 tpcapfrst idfc fir  ,590,,4425.58,ECS BOUNCED CHARGES
02-09-2022,TBMS- , chrg: ecs return on 10-aug-2022 tpcapfrst idfc fir(value date: 01-09- 10175611902022) ,590,,225.58,ECS BOUNCED CHARGES
02-09-2022,TBMS- , chrg: ecs return on 03-aug-2022 tpcapfrst idfc fir(value date: 01-09- 10175449132022) ,225.58,,0,ECS BOUNCED CHARGES
08-09-2022,TBMS- 1018607066, chrg: ecs return on 23-aug-2022 tpcapfrst idfc fir  ,590,,674,ECS BOUNCED CHARGES
09-09-2022,TBMS- , chrg: ecs return on 18-aug-2022 tpcapfrst idfc fir(value date: 08-09- 10186935032022) ,590,,84,ECS BOUNCED CHARGES
26-07-2022,TBMS- 999514153, chrg: ecs return on 05-jul-2022 camden town techno  ,863,,0,ECS BOUNCED CHARGES
01-08-2022,TBMS- 1000642594, chrg: ecs return on 25-jul-2022 bd- bse limited  ,590,,543.01,ECS BOUNCED CHARGES
06-08-2022,TBMS- 1002220223, chrg: ecs return on 27-jul-2022 bd- bse limited  ,590,,1750.51,ECS BOUNCED CHARGES
09-08-2022,TBMS- , rem chrgs:ecs return on 05-jul-2022 camden town te(value date: 08-08- 10047304742022) ,317,,12023.51,ECS BOUNCED CHARGES
09-09-2022,TBMS- 1018460367, chrg: ecs return on 18-aug-2022 bd- bse limited(value date: 08-09-2022)  ,259.88,,0,ECS BOUNCED CHARGES
01-09-2022,TBMS-1017438179,chrg: ecs return on 05-aug-2022lm00782674,590,,2985.71,ECS BOUNCED CHARGES
26-07-2022,BAJAJTBMS- 998340171, chrg: ecs return on 02-jul-2022 finance ltd  ,590,,433.97,ECS BOUNCED CHARGES
01-09-2022,TBMS- 1016943093, chrg: ecs return on 03-aug-2022 tpcapfrst idfc fir  ,0.68,,0,ECS BOUNCED CHARGES
02-09-2022,TBMS- , chrg: ecs return on 10-aug-2022 tpcapfrst idfc fir(value date: 01-09- 10175038382022) ,590,,8110,ECS BOUNCED CHARGES
02-09-2022,TBMS- , chrg: ecs return on 02-aug-2022 tpcapfrst idfc fir(value date: 01-09- 10168326722022) ,590,,7520,ECS BOUNCED CHARGES
14-09-2022,TBMS- 1024831288, rem chrgs:ecs return on 03-aug-2022 tpcapfrst idfc  ,501.5,,0,ECS BOUNCED CHARGES
26-07-2022, TBMS-998351882 , chrg:ecsreturnon13-jul-2022lm00756948,314.74,,0,ECS BOUNCED CHARGES
27-07-2022, TBMS-999228646 , chrg:ecsreturnon07-jul-2022lm00756948(valuedate:26-jul-22),50,,0,ECS BOUNCED CHARGES
06-08-2022, TBMS-1002157947 , chrg:ecsreturnon26-jul-2022lm00756948,590,,1374.98,ECS BOUNCED CHARGES
09-08-2022, TBMS-1005924070 , remchrgs:ecsreturnon07-jul-2022lm00756948(valuedate:08-aug-22),540,,595.98,ECS BOUNCED CHARGES
09-08-2022, TBMS-1005924100 , remchrgs:ecsreturnon13-jul-2022lm00756948(valuedate:08-aug-22),275.26,,320.72,ECS BOUNCED CHARGES
01-09-2022,TBMS-1016802405,chrg: ecs return on 05-aug-2022lm00756948,97.72,,0,ECS BOUNCED CHARGES
02-09-2022,TBMS-1016565048,chrg: ecs return on 08-aug-2022lm00756948,590,,16684,ECS BOUNCED CHARGES
14-09-2022,TBMS-1027179782,rem chrgs:ecs return on 05-aug-2022lm00756948,492.28,,1190.61,ECS BOUNCED CHARGES
08-08-2022,TBMS-1007679052,rem chrgs:ecs return on 15-jul-2022resilient inno,590,,1139.3,ECS BOUNCED CHARGES
08-09-2022,TBMS-1018541569,chrg: ecs return on 22-aug-2022 tpemandate justdi,590,,525.27,ECS BOUNCED CHARGES
09-09-2022,TBMS-1018693098,chrg: ecs return on 29-aug-2022 tpemandate justdi,1125.27,,0,ECS BOUNCED CHARGES
14-09-2022,TBMS-1027843345,rem chrgs:ecs return on 07-jul-2022resilient inno,590,,635.64,ECS BOUNCED CHARGES
14-09-2022,TBMS-1027843371,rem chrgs:ecs return on 01-jul-2022huey tech pvt,526.32,,109.32,ECS BOUNCED CHARGES
21-06-2022,TBMS- , chrg: ecs return on 05-jun-2022 ctrazorpay(value date: 20-06-2022)980869483 ,590,,2446.91,ECS BOUNCED CHARGES
26-07-2022,TBMS- 998452150, chrg: ecs return on 05-jul-2022 ctrazorpay  ,590,,716,ECS BOUNCED CHARGES
01-09-2022,TBMS- 1017332353, chrg: ecs return on 15-aug-2022 ctrazorpay  ,590,,18320.01,ECS BOUNCED CHARGES
01-09-2022,TBMS- 1016770182, chrg: ecs return on 05-aug-2022 ctrazorpay  ,1180,,14189.01,ECS BOUNCED CHARGES
01-09-2022,TBMS- 1016138100, chrg: ecs return on 07-aug-2022 cashfree payments  ,590,,10899.01,ECS BOUNCED CHARGES
02-09-2022,TBMS- , chrg: ecs return on 05-aug-2022 tp ach megmasoft(value date: 01-09- 10164479952022) ,590,,10309.01,ECS BOUNCED CHARGES
15-11-2021,/ 38976288,ecs/achreturnchg-yesbank nachfail insufbalsbin0000000054931231-38976288,295,,4597.7,ECS BOUNCED CHARGES
27-07-2022,TBMS-999503606,chrg: ecs return on 06-jul-2022cars24 financial s,590,,5895.91,ECS BOUNCED CHARGES
29-06-2022,,neft return/idfbh22180226134/account does not exist,,30000,113992.41,NEFT BOUNCE
06-08-2022, TBMS-1002068364 , chrg:ecsreturnon29-jul-2022tpachmoneymitrai,590,,1599.71,ECS BOUNCED CHARGES
09-09-2022,TBMS- , chrg: ecs return on 18-aug-2022 navi finserv priva(value date: 08-09- 10183688602022) ,24.91,,2799.24,ECS BOUNCED CHARGES
27-07-2022,TBMS- , chrg: ecs return on 10-jul-2022 western capital ad(value date: 26999668893-07-2022) ,590,,464,ECS BOUNCED CHARGES
19-08-2022,TBMS- 1011695939, rem chrgs:ecs return on 11-jul-2022 razorpay  ,585.36,,0.24,ECS BOUNCED CHARGES
01-09-2022,,chrg: ecs return on 03-aug-2022ctrazorpay,154.4,,0,ECS BOUNCED CHARGES
01-09-2022,,chrg: ecs return on 02-aug-2022 bajajfinance ltd,1,,0,ECS BOUNCED CHARGES
14-09-2022,,rem chrgs:ecs return on 02-aug-2022tpcapfrst idfc,590,,2925,ECS BOUNCED CHARGES
14-09-2022,,rem chrgs:ecs return on 03-aug-2022bajaj finance,590,,2335,ECS BOUNCED CHARGES
14-09-2022,,rem chrgs:ecs return on 02-aug-2022bajaj finance,589,,1746,ECS BOUNCED CHARGES
14-09-2022,,rem chrgs:ecs return on 05-aug-2022 tpach moneymi,590,,720.4,ECS BOUNCED CHARGES
14-09-2022,,rem chrgs:ecs return on 03-aug-2022ctrazorpay,435.6,,720.4,ECS BOUNCED CHARGES
30-09-2022,TBMS- 1037832807, chrg: ecs return on 19-sep-2022 tp ach moneymitrai  ,2.73,,0,ECS BOUNCED CHARGES
27-09-2022,,chrg: ecs return on 02-sep-2022 bajajfinance ltd,590,,563.65,ECS BOUNCED CHARGES
02-09-2022,TBMS- , chrg: ecs return on 07-aug-2022 indusind bank cfd(value date: 01- 101675733709-2022) ,165.69,,0,ECS BOUNCED CHARGES
14-09-2022,TBMS- 1026128193, rem chrgs:ecs return on 07-aug-2022 indusind bank  ,424.31,,372.69,ECS BOUNCED CHARGES
28-09-2022,TBMS- , chrg: ecs return on 01-sep-2022 cashfree payments(value date: 271031598674-09-2022) ,352.04,,0,ECS BOUNCED CHARGES
23-08-2022,,neft return-accountdoes not exist-abhijeetdominik-p235220186726864null ,,10,2458.93,NEFT BOUNCE
23-09-2022,,neft-return-496372311-vrnsk services-account doesnot exist  r03,,3000,8251.95,NEFT BOUNCE
17-12-2021,,neft-return-25755379861dc-gst-nota validcpin for,,664,290977,NEFT BOUNCE
18-12-2021,,neft-return-25762080121dc-gst-nota validcpin for,,664,290977,NEFT BOUNCE
18-01-2022,,neft-return-26047377641dc-gst-nota validcpin for,,4960,1210893,NEFT BOUNCE
19-04-2022,,neft-return-27196805171dc-gst-nota validcpin for,,16903,102127,NEFT BOUNCE
28-09-2022,TBMS- , chrg: ecs return on 07-sep-2022 tp emnd homecredit(value date: 26- 102985126909-2022) ,590,,2369.38,ECS BOUNCED CHARGES
18-01-2022,NETZ93DFQV2VH,net-neft-n018220968373294-ayush gupta-yesb0000136-loan return-yes bank ltd,300000,,15546.9,NEFT BOUNCE
20-04-2022,NETTAGOX25PFB,net-neft-n110221148298901-rrg buildersand promoter pvt ltd-icic0001353-return -icici bank ltd,500000,,766139.69,NEFT BOUNCE
26-07-2022,TBMS- 999578865, chrg: ecs return on 11-jul-2022 razorpay  ,4.64,,0,ECS BOUNCED CHARGES
07-07-2022,,chrg/ecs return/02-07-2022fdrl70229012200032254585,413,,4233.41,ECS BOUNCED CHARGES
11-07-2022,,chrg/ecs return/05-07-2022fdrl00000000036338504595,371,,1.41,ECS BOUNCED CHARGES
08-08-2022,,chrg/ecs return/02-08-2022fdrl70229012200032254713,413,,5183.56,ECS BOUNCED CHARGES
07-09-2022,,chrg/ecs return/02-09-2022fdrl70229012200032254842,413,,1347.43,ECS BOUNCED CHARGES
09-09-2022,,chrg/ecs return/04-09-2022fdrl70104082200047584849,413,,42527.75,ECS BOUNCED CHARGES
07-10-2022,,chrg/ecs return/02-10-2022fdrl70229012200032254966,242,,1.14,ECS BOUNCED CHARGES
02-09-2022,TBMS- , chrg: ecs return on 07-aug-2022 cashfree payments(value date: 011017374539-09-2022) ,590,,85618.32,ECS BOUNCED CHARGES
27-07-2022,TBMS- , chrg: ecs return on 05-jul-2022 ctrazorpay(value date: 26-07-2022)999507890 ,116.5,,0,ECS BOUNCED CHARGES
19-08-2022,TBMS- 1010904151, rem chrgs:ecs return on 05-jul-2022 ctrazorpay  ,329.1,,0,ECS BOUNCED CHARGES
15-09-2022,TBMS- , rem chrgs:ecs return on 05-jul-2022 ctrazorpay(value date: 14-09-2022)1025111727 ,144.4,,9331.05,ECS BOUNCED CHARGES
28-09-2022,TBMS- , chrg: ecs return on 05-sep-2022 ctrazorpay(value date: 27-09-2022)1031204336 ,590,,4432.15,ECS BOUNCED CHARGES
28-09-2022,TBMS- , chrg: ecs return on 10-sep-2022 shuharitechventure(value date: 103116728727-09-2022) ,590,,3842.15,ECS BOUNCED CHARGES
27-07-2022,TBMS- 999523507, chrg: ecs return on 05-jul-2022 paysense(value date: 26-07-2022)  ,208.21,,0,ECS BOUNCED CHARGES
02-09-2022,TBMS- , chrg: ecs return on 06-aug-2022 ctrazorpay(value date: 01-09-2022)1016794122 ,590,,8440.68,ECS BOUNCED CHARGES
02-09-2022,TBMS- 1016637514, chrg: ecs return on 06-aug-2022 paysense(value date: 01-09-2022)  ,590,,7850.68,ECS BOUNCED CHARGES
14-09-2022,TBMS- 1024888522, rem chrgs:ecs return on 05-jul-2022 paysense  ,381.79,,28.29,ECS BOUNCED CHARGES
15-07-2022,TBMS- , rem chrgs:ecs return on 07-jun- 2022 cashfree payme(value date: 99281058414-07-2022) ,454.83,,3150.76,ECS BOUNCED CHARGES
28-09-2022,TBMS- , chrg: ecs return on 07-sep-2022 cashfree payments(value date: 261029161796-09-2022) ,590,,9601.94,ECS BOUNCED CHARGES
14-07-2022,TBMS- 995563748, rem chrgs:ecs return on 10-jun- 2022 indiashelterfi  ,544.51,,2615.55,ECS BOUNCED CHARGES
08-09-2022,TBMS- 1018822486, chrg: ecs return on 16-aug-2022 navi finserv priva  ,47.94,,0,ECS BOUNCED CHARGES
28-09-2022,TBMS- , chrg: ecs return on 10-sep-2022 tp ach megmasoft(value date: 26-09- 10301972602022) ,208.24,,0,ECS BOUNCED CHARGES
30-09-2022,TBMS- 1037812313, chrg: ecs return on 21-sep-2022 navi finserv priva  ,590,,833,ECS BOUNCED CHARGES
15-07-2022,TBMS- , rem chrgs:ecs return on 10-jun-2022 tp ach megmaso(value date: 14-07- 9920334982022) ,2800,,17.68,ECS BOUNCED CHARGES
15-07-2022,TBMS- , rem chrgs:ecs return on 10-jun-2022 cashfree payme(value date: 14-07- 9941477652022) ,304.69,,32516.91,ECS BOUNCED CHARGES
02-09-2022,TBMS- 1017321831, chrg: ecs return on 15-aug-2022 lic of india(value date: 01-09-2022)  ,590,,328.29,ECS BOUNCED CHARGES
01-07-2022,TBMS- 986462416, chrg: ecs return on 25-jun-2022 ctrazorpay  ,590,,25943.81,ECS BOUNCED CHARGES
01-08-2022,TBMS- 1000486643, chrg: ecs return on 25-jul-2022 ctrazorpay  ,590,,22788.25,ECS BOUNCED CHARGES
02-09-2022,TBMS- , chrg: ecs return on 02-aug-2022 huey tech pvt ltd(value date: 01- 101679455309-2022) ,590,,11252.14,ECS BOUNCED CHARGES
28-09-2022,TBMS- , chrg: ecs return on 01-sep-2022 ctrazorpay(value date: 26-09-2022)1029224381 ,590,,1997.73,ECS BOUNCED CHARGES
28-09-2022,TBMS- , chrg: ecs return on 02-sep-2022 huey tech pvt ltd(value date: 26- 102922437009-2022) ,590,,1407.73,ECS BOUNCED CHARGES
06-10-2022,TBMS- 1038403337, chrg: ecs return on 25-sep-2022 ctrazorpay  ,590,,4091.31,ECS BOUNCED CHARGES
16-03-2022,TBMS- 923121362, chrg: ecs return on 02-mar-2022 bajaj finance ltd  ,10.46,,0,ECS BOUNCED CHARGES
21-03-2022,TBMS- , rem chrgs:ecs return on 02-mar-2022 bajaj finance(value date: 20-03- 9278316262022) ,579.54,,302.46,ECS BOUNCED CHARGES
28-09-2022,TBMS-1029586351,chrg: ecs return on 05-sep-2022shuharitechventure,12.95,,0,ECS BOUNCED CHARGES
28-09-2022,TBMS- , chrg: ecs return on 16-sep-2022 ctrazorpay(value date: 27-09-2022)1031160316 ,472.17,,0,ECS BOUNCED CHARGES
06-10-2022,TBMS-1038497601,chrg: ecs return on 29-sep-2022ctrazorpay,590,,886,ECS BOUNCED CHARGES
01-09-2022,TBMS- 1017170693, chrg: ecs return on 01-aug-2022 cashfree payments  ,590,,8412.15,ECS BOUNCED CHARGES
06-10-2022,,chrg/ecs return/01-10-2022fdrl70229092200011334961,35,,1.37,ECS BOUNCED CHARGES
26-07-2022,TBMS-998008345,chrg: ecs return on 11-jul-2022 tpemnd homecredit,585.5,,0,ECS BOUNCED CHARGES
08-08-2022,TBMS-1006133708,rem chrgs:ecs return on 11-jul-2022tp emnd homecr,4.5,,947.5,ECS BOUNCED CHARGES
01-09-2022,TBMS-1016906233,chrg: ecs return on 11-aug-2022 yesbank limited,590,,11623.14,ECS BOUNCED CHARGES
02-09-2022,TBMS-1016906271,chrg: ecs return on 11-aug-2022 tpemnd homecredit,590,,21033.14,ECS BOUNCED CHARGES
02-09-2022,TBMS-1017708688,chrg: ecs return on 08-aug-2022 yesbank limited,590,,20443.14,ECS BOUNCED CHARGES
08-09-2022,TBMS-1018297835,chrg: ecs return on 20-aug-2022 tpemnd homecredit,590,,12656.55,ECS BOUNCED CHARGES
08-09-2022,TBMS-1018935089,chrg: ecs return on 18-aug-2022kotak life insuran,590,,12066.55,ECS BOUNCED CHARGES
27-09-2022,TBMS-1031088624,chrg: ecs return on 02-sep-2022bajaj finance ltd,578.95,,0,ECS BOUNCED CHARGES
06-10-2022,TBMS-1038403979,chrg: ecs return on 30-sep-2022 kotaklife insuran,590,,41243.15,ECS BOUNCED CHARGES
28-09-2022,TBMS- , chrg: ecs return on 10-sep-2022 ctrazorpay(value date: 26-09- 10300969852022) ,590,,1425.09,ECS BOUNCED CHARGES
28-09-2022,TBMS- , chrg: ecs return on 10-sep-2022 hdfc bank limited(value date: 26- 103009701709-2022) ,590,,835.09,ECS BOUNCED CHARGES
28-09-2022,TBMS- , chrg: ecs return on 05-sep-2022 hdfc bank limited(value date: 26- 103009695609-2022) ,590,,245.09,ECS BOUNCED CHARGES
28-09-2022,TBMS- , chrg: ecs return on 05-sep-2022 ctrazorpay(value date: 26-09-2022)1030127553 ,245.09,,0,ECS BOUNCED CHARGES
15-07-2022,TBMS- , rem chrgs:ecs return on 02-jun-2022 bajaj finance(value date: 14-07- 9949333872022) ,566.92,,137.36,ECS BOUNCED CHARGES
26-07-2022,TBMS- 998219642, chrg: ecs return on 16-jul-2022 navi finserv priva  ,13.36,,0,ECS BOUNCED CHARGES
02-09-2022,TBMS- , chrg: ecs return on 05-aug-2022 northern arc capit(value date: 01-09- 10174392962022) ,590,,3742.89,ECS BOUNCED CHARGES
14-09-2022,TBMS- 1027469863, rem chrgs:ecs return on 16-jul-2022 navi finserv p  ,576.64,,60010.06,ECS BOUNCED CHARGES
28-09-2022,TBMS- , chrg: ecs return on 05-sep-2022 northern arc capit(value date: 27-09- 10312898872022) ,590,,4946.33,ECS BOUNCED CHARGES
27-01-2022,,neft/return/axic220279886734/r03/aggressive chemi,,25000,-1457841.8,NEFT BOUNCE
27-07-2022,,ecs return chgs:mar'22,295,,-1940693.72,ECS BOUNCED CHARGES
28-09-2022,TBMS- , chrg: ecs return on 01-sep-2022 tp ach megmasoft(value date: 26-09- 10292957062022) ,173.77,,0,ECS BOUNCED CHARGES
15-02-2022,CIUBH22046038501,neft cr-ciub0000048-k m tiles-keshar ret ail india-ciubh22046038501,,50000,65108.12,NEFT BOUNCE
02-09-2022,TBMS- , chrg: ecs return on 05-aug-2022 ctrazorpay(value date: 01-09-2022)1017391527 ,1180,,11839.28,ECS BOUNCED CHARGES
28-09-2022,TBMS- , chrg: ecs return on 05-sep-2022 ctrazorpay(value date: 27-09-2022)1030862373 ,0.24,,0,ECS BOUNCED CHARGES
26-07-2022,TBMS-998624307,chrg: ecs return on 05-jul-2022 axisfinance limit,590,,48380.09,ECS BOUNCED CHARGES
26-07-2022,TBMS-998924215,chrg: ecs return on 09-jul-2022 axisfinance limit,590,,47742.89,ECS BOUNCED CHARGES
30-09-2022,TBMS-1037824406,chrg: ecs return on 22-sep-2022ctrazorpay,590,,9409.49,ECS BOUNCED CHARGES
26-07-2022,,  chrg: ecs return on 07-jul- tbms-998940261 26/07/2022      2022 bajaj finance ltd      ,200,,0,ECS BOUNCED CHARGES
14-10-2022,38976288,ecs/ach return chg-navifin nach fail insuf balsbin7011902220005516-38976288,96.85,,0,ECS BOUNCED CHARGES
14-08-2018,, s21571241 neft return/000145039344/account does credit       not exis/fortunext retail pvt ltd/        axrj182261392361/    ,0,6589,-12596852.18,NEFT BOUNCE
18-08-2018,, s24760861 neft return/000145526517/account does not credit       exis/hdfc credit cards/n230180612155808/    ,0,98000,-22496909.15,NEFT BOUNCE
14-05-2019,, s87694113 neft iw neft return : sdc111420599 /     p190514217009   ,,400,991.59,NEFT BOUNCE
27-06-2018,,  s55794852 neft iw neft return : sdc87567922 /      000137445017   ,,15300,-6268327.22,NEFT BOUNCE
28-09-2022,TBMS- , chrg: ecs return on 10-sep-2022 tp ach megmasoft(value date: 27-09- 10307462762022) ,209.59,,0,ECS BOUNCED CHARGES
27-09-2022,,  chrg: ecs return on 10-sep-2022 tbms-1031036138      shuharitechventure    ,88.42,,0,ECS BOUNCED CHARGES
16-10-2022,,  rem chrgs:ecs return on 10-sep-2022 tbms-1042594239      shuharitechven    ,501.58,,1.41,ECS BOUNCED CHARGES
09-09-2022,TBMS- , chrg: ecs return on 24-aug-2022 tp ach megmasoft(value date: 08-09- 10189241222022) ,78.95,,0,ECS BOUNCED CHARGES
27-09-2022,TBMS- 1030468597, chrg: ecs return on 10-sep-2022 tp ach megmasoft  ,590,,22661.61,ECS BOUNCED CHARGES
29-09-2022,TBMS- 1036849648, rem chrgs:ecs return on 24-aug-2022 tp ach megmaso  ,511.05,,17625.56,ECS BOUNCED CHARGES
24-10-2022,38976288,ecs/ach return chg-razorpay nach fail insufbal sbin7022409220090814-38976288,295,,870.44,ECS BOUNCED CHARGES
02-09-2022,TBMS-1017406586,chrg: ecs return on 05-aug-2022 tpach tatacapital,66.11,,0,ECS BOUNCED CHARGES
28-09-2022,TBMS-1030192919,chrg: ecs return on 08-sep-2022 tpach tatacapital,431.81,,750,ECS BOUNCED CHARGES
06-08-2022,TBMS- 1002214689, chrg: ecs return on 28-jul-2022 tp ach moneymitrai  ,554.78,,0,ECS BOUNCED CHARGES
14-09-2022,TBMS- 1025353229, rem chrgs:ecs return on 28-jul-2022 tp ach moneymi  ,35.22,,1.97,ECS BOUNCED CHARGES
26-07-2022,TBMS- 997842871, chrg: ecs return on 05-jul-2022 tp ach tatacapital  ,590,,16560.28,ECS BOUNCED CHARGES
23-10-2022,TBMS-1049686350,chrg: ecs return on 06-oct-2022lm00987327,0.97,,0,ECS BOUNCED CHARGES
20-04-2022,TBMS- 941813658, chrg: ecs return on 05-apr-2022 tp ach just dial  ,3.96,,0,ECS BOUNCED CHARGES
06-05-2022,TBMS- 957072335, rem chrgs:ecs return on 05-apr-2022 tp ach just di  ,586.04,,1515.96,ECS BOUNCED CHARGES
06-05-2022,TBMS- 957072306, rem chrgs:ecs return on 12-apr-2022 tp ach just di  ,1180,,335.96,ECS BOUNCED CHARGES
18-05-2022,TBMS- 959291928, chrg: ecs return on 05-may-2022 tp ach just dial(value date: 17-05-2022)  ,590,,17203.14,ECS BOUNCED CHARGES
20-06-2022,TBMS- 980954561, chrg: ecs return on 05-jun-2022 tp ach just dial  ,590,,76.14,ECS BOUNCED CHARGES
21-06-2022,TBMS- 980452338, chrg: ecs return on 12-jun-2022 tp ach just dial(value date: 20-06-2022)  ,76.14,,0,ECS BOUNCED CHARGES
15-07-2022,TBMS- , rem chrgs:ecs return on 12-jun-2022 tp ach just di(value date: 14-07-2022)991956928 ,1103.86,,2653.28,ECS BOUNCED CHARGES
30-09-2022,TBMS- 1037748422, chrg: ecs return on 22-sep-2022 navi finserv priva  ,590,,2927.51,ECS BOUNCED CHARGES
30-09-2022,TBMS- 1037847604, chrg: ecs return on 21-sep-2022 tp ach raysoniente  ,1180,,1747.51,ECS BOUNCED CHARGES
23-10-2022,TBMS- 1050050084, chrg: ecs return on 12-oct-2022 tp ach just dial(value date: 22-10-2022)  ,1180,,3067.35,ECS BOUNCED CHARGES
23-10-2022,TBMS- 1050231948, chrg: ecs return on 05-oct-2022 tp ach just dial(value date: 22-10-2022)  ,67.35,,0,ECS BOUNCED CHARGES
20-10-2022,38976288,ecs/ach return chg-moneymit nach fail insufbal sbin7012009220077538-38976288,202.4,,0,ECS BOUNCED CHARGES
20-10-2022,,ecs/ach return chg--,92.6,,17.4,ECS BOUNCED CHARGES
14-10-2022,,neft/return/axmb222877460654/r03/poonam mishra,,5500,6161.36,NEFT BOUNCE
18-10-2022,38976288,ecs/ach return chg-razorpay nach fail insufbal sbin7011709220069442-38976288,295,,1734.52,ECS BOUNCED CHARGES
22-10-2022,38976288,ecs/ach return chg-razorpay nach fail insufbal sbin7010806220024145-38976288,83.34,,0,ECS BOUNCED CHARGES
10-10-2022,,chrg/ecs return/05-10-2022fdrl70202092200001424980,212,,5100.56,ECS BOUNCED CHARGES
06-10-2022,TBMS- 1038525612, chrg: ecs return on 29-sep-2022 tp ach megmasoft  ,1180,,34820.59,ECS BOUNCED CHARGES
06-10-2022,TBMS- 1038375312, chrg: ecs return on 27-sep-2022 tp ach megmasoft  ,590,,34230.59,ECS BOUNCED CHARGES
12-01-2022,,neft/return/axic220123766410/r11/galaxy enterpris,,1,994947.19,NEFT BOUNCE
23-06-2022,,neft/return/axic221748566411/r04/mentor new,,50,888324.29,NEFT BOUNCE
05-09-2021,/ 38976288,ecs/achreturnchg-axisfin nachfail insufbalsbin0000000051344509-38976288,295,,2285.92,ECS BOUNCED CHARGES
05-09-2021,/ 38976288,ecs/achreturnchg-axisfin nachfail insufbalsbin0000000052420394-38976288,295,,1990.92,ECS BOUNCED CHARGES
24-12-2022,38976288,ecs/ach return chg-razorpay nach fail insufbal sbin7020303220044652-38976288,295,,299.94,ECS BOUNCED CHARGES
31-12-2022,,rtn:neft-barbr22365088552-bhuva bhavin rameshbhai  ,,8958,57167.3,NEFT BOUNCE
28-11-2017,,neft/return/axir173328379914/r04/punjab national b,,475,4637209.31,NEFT BOUNCE
28-11-2017,,neft/return/axir173328379375/r03/punjab national b,,200,4637409.31,NEFT BOUNCE
24-01-2018,,neft/return/axir180244134183/r04/punjab national b,,1650,3842906.2,NEFT BOUNCE
30-07-2018,,neft/return/axir182111134743/r03/punjab national b,,2050,982047.78,NEFT BOUNCE
30-07-2018,,neft/return/axir182111134610/r03/punjab national b,,1350,983397.78,NEFT BOUNCE
15-03-2022,,ecs ret chrg forioba7012602210001014 13-mar-22,177,,,ECS BOUNCED CHARGES
06-05-2022,,ecs/nach return chargesfor 05-may-22,236,,,ECS BOUNCED CHARGES
08-06-2022,,ecs ret chrg forioba7013107200000506 05-jun-22,236,,,ECS BOUNCED CHARGES
20-04-2022,TBMS-941680893,chrg: ecs return on 09-apr-2022ctrazorpay,372.4,,0,ECS BOUNCED CHARGES
07-05-2022,TBMS-956184529,rem chrgs:ecs return on 09-apr-2022ctrazorpay,217.6,,918.41,ECS BOUNCED CHARGES
07-05-2022,TBMS-956184563,rem chrgs:ecs return on 03-apr-2022ctrazorpay,590,,328.41,ECS BOUNCED CHARGES
17-06-2022,N168222003915226,"neft dr-kkbk0002856-pramukh electronics- netbank, mum-n168222003915226-return",40000,,3326.46,NEFT BOUNCE
21-06-2022,N172222007323628,"neft dr-kkbk0002856-pramukh electronics- netbank, mum-n172222007323628-return",150000,,6494.47,NEFT BOUNCE
30-06-2022,,"neft dr-icic0002421-cool tech refrigerat n181222017862227 ion-netbank, mum-n181222017862227-return",50000,,225510.16,NEFT BOUNCE
10-08-2022,N222222073874216,"neft dr-ubin0904716-evergreen recyclekar o india pvt ltd-netbank, mum-n2222220738 74216-return",50000,,427.88,NEFT BOUNCE
16-09-2022,N259222122596229,"neft dr-barb0rander-safeda refrigeration -netbank, mum-n259222122596229-return",200000,,2110.18,NEFT BOUNCE
27-10-2022,N300222180318079,"neft dr-ubin0904716-evergreen recyclekar o india pvt ltd-netbank, mum-n3002221803 18079-return",30000,,43172.41,NEFT BOUNCE
27-10-2022,N300222180318079,neft return-account closed-evergreen rec yclekaro india pvt ltd-ubini22300482184,,30000,73172.41,NEFT BOUNCE
26-11-2022,N330222220960987,"neft dr-barb0rander-safeda refrigeration -netbank, mum-n330222220960987-return",24300,,32678.83,NEFT BOUNCE
21-02-2022,TBMS-906727221,chrg: ecs return on 05-feb- 2022 tp ach icici bank,590,,23730.23,ECS BOUNCED CHARGES
27-09-2022,N270222135906202,neft return-account does not exist-impac k polypack-yes0x22700000392,,40975,42614.16,NEFT BOUNCE
07-09-2022,/ 38976288,ecs/achreturnchg-hdfcban nachfail insufbalsbin0000000049901593-38976288,6.33,,0,ECS BOUNCED CHARGES
16-12-2021,,nf/neft/reversal/025749240251/invalidfsc/dheerajkumar,,1646,195039.14,NEFT BOUNCE
14-01-2022,,nf/neft/reversal/026012082521/invalidfsc/dheerajkumar,,8835,218284.14,NEFT BOUNCE
08-02-2022,,nf/neft/reversal/026287416111/invalidfsc/dheerajkumar,,1656,436684.98,NEFT BOUNCE
03-04-2021,,neft return-credit to nriaccount-thameemk-p093210101177806,,13504,-4237992.94,NEFT BOUNCE
03-04-2021,,neft return-account does not,,13504,-4224488.94,NEFT BOUNCE
09-04-2021,,neft return-beneficiary namedifferes-mohamedraffi.a.h-p099210102657443,,19340,-4222822.94,NEFT BOUNCE
09-12-2022,,neft-return-30369760931dc-prabu s-accountdoes not existr03,,17500,-44631784.3,NEFT BOUNCE
15-03-2022,N074221875373464,neft return-account is close-mathaji tra ders-ioban22074155246,,19150,-9480145.88,NEFT BOUNCE
23-06-2022,N174222010104518,neft return-account does not exist-srini vasa enterprises-ucbag22174019827,,24901,-6725777.69,NEFT BOUNCE
06-12-2022,0,neft rev-utib0001306-shivam oil industries-jaipur-n340221010813630,,95452,691573.38,NEFT BOUNCE
15-03-2023,0,neft return-account does not exist (r03)-sitaramtrading co-n074231013279639,,151100,245932.78,NEFT BOUNCE
15-03-2023,0,neft return-account does not exist (r03)-sitaramtrading co-n074231013290031,,151100,242432.78,NEFT BOUNCE
27-03-2023,0,neft return-account does not exist (r03)-sitaramtrading co-n086231013611195,,28532,2228254.78,NEFT BOUNCE
05-04-2023,0,neft return-account closed (r01)-sitaram trading co-n095231013849039,,240500,272335.78,NEFT BOUNCE
07-04-2023,0,neft return-account does not exist (r03)-sitaramtrading co-n097231013899951,,12230,1034052.78,NEFT BOUNCE
14-04-2022,, rtn:neft-barbu22104785126-shri shyam movers   ,,39600,94969.76,NEFT BOUNCE
14-04-2022,, rtn:neft-barbu22104785320-shri shyam movers   ,,5800,100769.76,NEFT BOUNCE
18-04-2022,, rtn:neft-barbw22108789172-shri shyam movers   ,,39600,118070.15,NEFT BOUNCE
18-04-2022,, rtn:neft-barbw22108789689-shri shyam movers   ,,39000,157070.15,NEFT BOUNCE
18-04-2022,, rtn:neft-barbw22108788827-shri shyam movers   ,,35000,192070.15,NEFT BOUNCE
26-04-2022,, rtn:neft-barbs22116947139-shri shyam movers   ,,39600,61440.04,NEFT BOUNCE
26-04-2022,, rtn:neft-barbs22116945261-shri shyam movers   ,,39600,101040.04,NEFT BOUNCE
30-04-2022,, rtn:neft-barbw22120347835-shri shyam movers   ,,39600,74398.17,NEFT BOUNCE
16-05-2022,, rtn:neft-barbz22136500004-shri shyam movers   ,,39600,228363.94,NEFT BOUNCE
17-11-2022,, rtn:neft-barbu22321866249-shri shyam movers   ,,40000,41546.25,NEFT BOUNCE
11-01-2023,, rtn:neft-barbv23011342975-shri shyam movers   ,,40000,40098.52,NEFT BOUNCE
02-02-2023,, rtn:neft-barby23033443750-shri shyam movers   ,,39600,43394.36,NEFT BOUNCE
15-03-2023,, rtn:neft-barbw23074087996-shri shyam movers   ,,50000,79161.77,NEFT BOUNCE
02-06-2022,,neft rtn retnh22153093314-ioban22153442568 account,,71721,-5402699.73,NEFT BOUNCE
11-11-2022,,neft rtn pnbh223150250992-ioban22315492644 account,,150000,-6119200.91,NEFT BOUNCE
08-10-2022,N281222154035534,neft return-account does not exist-pawan plastic-idibh22281943754,,159182,1628714.76,NEFT BOUNCE
20-04-2022,TBMS- 941526607, chrg: ecs return on 02-apr-2022 tpcapfrst idfc fir  ,590,,23925.08,ECS BOUNCED CHARGES
20-04-2022,TBMS- 940465127, chrg: ecs return on 03-apr-2022 tpcapfrst idfc fir  ,590,,14755.08,ECS BOUNCED CHARGES
20-04-2022,TBMS- 940652559, chrg: ecs return on 06-apr-2022 tpcapfrst idfc fir  ,590,,12985.08,ECS BOUNCED CHARGES
18-05-2022,TBMS- , chrg: ecs return on 03-may-2022 tpcapfrst idfc fir(value date: 17-05- 9591731502022) ,590,,50094.69,ECS BOUNCED CHARGES
18-05-2022,TBMS- , chrg: ecs return on 02-may-2022 tpcapfrst idfc fir(value date: 17-05- 9591731272022) ,590,,49504.69,ECS BOUNCED CHARGES
26-03-2023,TBMS- , chrg: ecs return on 05-mar-2023 bajaj finance ltd(value date: 25-031141562798-2023) ,590,,6764.86,ECS BOUNCED CHARGES
26-03-2023,TBMS- , chrg: ecs return on 02-mar-2023 bajaj finance ltd(value date: 25-031141306359-2023) ,590,,6174.86,ECS BOUNCED CHARGES
04-12-2021,38976288,ecs/ach return chg-razorpay nach fail insufbal sbin7022909210022177-38976288,45,,0,ECS BOUNCED CHARGES
15-05-2019,,bkdnh19134815675- 140519 neft iw neft return,5.9,,985.69,NEFT BOUNCE
10-12-2019,,neft rej :shop rent:000151167443 /r03:account no does not exist /neft rtn:mahb0001393:mahbh19344895306,,3300,9279.41,NEFT BOUNCE
16-10-2019,,ecs/ach return chg,621.63,,54378.37,ECS BOUNCED CHARGES
30-05-2018,,neft rtn retd180530677724-ioban18150400821 account,,95000,297189.72,NEFT BOUNCE
31-05-2018,,neft rtn retd180531688165-ioban18151432906 account,,250000,297066.12,NEFT BOUNCE
05-09-2018,,ecs/nach return chargesfor 04-sep-18,177,,30052.8,ECS BOUNCED CHARGES
28-03-2019,AXRJ190872147813,neft return-account does notexist-rsiemerge global privatelimited-n087190002250666,,126000,158575.31,NEFT BOUNCE
10-11-2017,,neft-rev-dt-09.11.17,,27413,61876.97,NEFT BOUNCE
13-11-2017,,neft-rev-dt-10.11.17,,27413,58621.07,NEFT BOUNCE
22-02-2018,,neft-ow-rev-dt-21.02.18,,8850,50840.91,NEFT BOUNCE
23-02-2018,,neft-ow-rev-dt-22.02.18,,8850,34317.97,NEFT BOUNCE
08-12-2018,,ecs return charges:capub/2615,354,,13795.81,ECS BOUNCED CHARGES
23-09-2021,NEFTINW-0323195947,neft rtn kkbkh21266861283beneficiary name,,145700,199397,NEFT BOUNCE
16-10-2021,NEFTINW-0330245007,neft rtn kkbkh21289898303account does not,,60000,293218,NEFT BOUNCE
03-01-2022,NEFTINW-0355808776,neft rtn kkbkh22003743512invalid account,,60984,107487,NEFT BOUNCE
05-02-2022,NEFTINW-0368362194,neft rtn kkbkh22036714303invalid account,,20300,100030.58,NEFT BOUNCE
12-02-2022,NEFTINW-0371291534,neft rtn kkbkh22043820874blocked account,,20000,107810.58,NEFT BOUNCE
05-09-2021,38976288,ecs/ach return chg-indiabul nach fail insufbal sbin7022906200034995-38976288,295,,3788.1,ECS BOUNCED CHARGES
06-11-2021,38976288,ecs/ach return chg-home cre nach fail insufbal sbin7023007200012244-38976288,295,,611.81,ECS BOUNCED CHARGES
02-01-2022,38976288,ecs/ach return chg-capital  nach fail insufbal sbin9000000033228972-38976288,295,,1618.56,ECS BOUNCED CHARGES
10-02-2021,/ 38976288,ecs/achreturnchg-kotakma nachfail insufbalsbin0000000022160909-38976288,295,,18636.61,ECS BOUNCED CHARGES
29-06-2021,/ 38976288,ecs/ach return chg-lendingk nach fail insufbal sbin0000000042053743-38976288,295,,6893.11,ECS BOUNCED CHARGES
02-11-2021,/ 38976288,ecs/ach return chg-bajaj fi nach fail insufbal sbin0000000042014700-38976288,295,,5749.11,ECS BOUNCED CHARGES
27-10-2021,,neft/return/axmb213007383827/r11/gir,,150000,523967.87,NEFT BOUNCE
19-02-2022,N050221841359600,neft return-account does not exist-solan ki mahebub ishmailbhai-rnsb22050457442,,50000,138161.52,NEFT BOUNCE
26-07-2021,,neft/return/axmb212073792129/r09/luxurico,,450000,481042.8,NEFT BOUNCE
29-12-2021,,neft/return/axmb213636580072/r01/anex glass andc,,200000,791287.2,NEFT BOUNCE
15-01-2022,N015221795229020,neft return-account does not exist-dharm esh harishbhai gohel-ubini22015259147,,20000,142221.92,NEFT BOUNCE
15-01-2022,N015221795633365,neft return-account does not exist-gohel dharmesh harishbhai-ubini22015446080,,20000,142221.92,NEFT BOUNCE
16-08-2021,TBMS- 785064460, chrg: ecs return on 03.apr.2021 bajaj finance ltd  ,590,,2777.82,ECS BOUNCED CHARGES
16-08-2021,TBMS- 784659500, chrg: ecs return on 06.apr.2021 bajaj finance ltd  ,590,,15202.82,ECS BOUNCED CHARGES
17-08-2021,TBMS- , chrg: ecs return on 03.apr.2021 bajaj finance ltd(value date: 16-08784659524-2021)deposit ,590,,9612.82,ECS BOUNCED CHARGES
20-08-2021,TBMS- 786801161, chrg: ecs return on 02-aug-2021 bajaj finance ltd  ,1770,,10865.82,ECS BOUNCED CHARGES
27-09-2021,TBMS- , chrg: ecs return on 17.july.2021 bajaj finance ltd(value date: 26-09815441024-2021) ,215.59,,0,ECS BOUNCED CHARGES
20-10-2021,TBMS- , rem chrgs:ecs return on 17.july.2021bajaj finance(value date: 17-10- 8320702422021) ,374.41,,65130.09,ECS BOUNCED CHARGES
01-12-2021,N335211733421231,neft return-account does not exist-shree enterprise-indbn01128435787,,600000,603079.2,NEFT BOUNCE
01-12-2021,N335211733805981,neft return-account does not exist-shree enterprise-indbn01128527857,,200000,403079.2,NEFT BOUNCE
01-12-2021,N335211733808033,neft return-account does not exist-shree enterprise-indbn01128528091,,200000,603079.2,NEFT BOUNCE
24-03-2022,N083221886486586,neft return-beneficiary name differes-na rayan enterprise-indbn24035066690,,150000,207550.2,NEFT BOUNCE
24-03-2022,N083221886558069,neft return-beneficiary name differes-na rayan enterprise-indbn24035080898,,150000,207550.2,NEFT BOUNCE
06-07-2021,NEFTINW-0301889856,neft rtn kkbk211877140385 not avalid cpin for ne,,5150,3468789.06,NEFT BOUNCE
05-05-2022,,pend chg 02-05-22 ecs return charge + gst - 202223/may/5/373,118,,559293.22,ECS BOUNCED CHARGES
19-10-2021,NEFTINW- 0330878904, neft rtn kkbkh21292658796 account does not exist  ,,13000,76753.39,NEFT BOUNCE
12-11-2021,TBMS- 844404492, rem chrgs:ecs return on 10-oct-2021 tp ach icici b  ,590,,394.39,ECS BOUNCED CHARGES
09-12-2021,TBMS- , chrg: ecs return on 16-nov-2021 tp ach icicibank r(value date: 08-12- 8551593522021) ,590,,232556.13,ECS BOUNCED CHARGES
09-12-2021,TBMS- , chrg: ecs return on 10-nov-2021 tp ach icici bank(value date: 08-12- 8570229212021) ,590,,231960.23,ECS BOUNCED CHARGES
13-01-2022,NEFTINW- 0360250368, neft rtn kkbkh22013852897 account does not exist  ,,6560,1133591.43,NEFT BOUNCE
27-11-2021,NEFTINW-0343020554,neft rtn kkbkh21331833273account closed,,34558,5120765.18,NEFT BOUNCE
01-12-2021,NEFTINW-0344516418,neft rtn kkbkh21335682828account closed,,22504,5120765.18,NEFT BOUNCE
21-03-2022,NEFTINW-0385787273,neft rtn kkbk220808954613mismatch in challanamo,,2688,4677819.59,NEFT BOUNCE
05-06-2018,TRANSFERFROM3199304600926 /,bytransfer-neftrrsbin818156449159(05-06-18)accountdoes not e-,,127014,-749714.63,NEFT BOUNCE
03-11-2018,,neft-return-20797088881dc-poojarubberindustriespooja-r01-account closed,,46889,104982.9,NEFT BOUNCE
05-11-2018,,neft-return-20799668171dc-poojarubberindustriespooja-r01-account closed,,46889,176723.9,NEFT BOUNCE
06-11-2018,,neft-return-000055211759-pooja rubberindustries-r01-account closed,,46889,198876.9,NEFT BOUNCE
18-09-2021,,neft-return-000108541745-hegdecashews-accountdoe,,100000,-79794.43,NEFT BOUNCE
27-08-2018,NEFTINW-0116756664,neft rtn kkbkh18239693640account does not,,50000,92582.6,NEFT BOUNCE
05-08-2019,TBMS-382723728,chrg: ecs return on 25-apr- 2019 hdfcmutualfund,590,,100014.74,ECS BOUNCED CHARGES
22-08-2021,TBMS-788049623,chrg: ecs return on 07-aug- 2021 indusind bank cfd(value date:20/08/2021),590,,51085.21,ECS BOUNCED CHARGES
